{
  "leader": "04843cam a2200493Ia 4500",
  "fields": [
    {
      "001": "ocm56822108\\"
    },
    {
      "003": "OCoLC"
    },
    {
      "005": "20221229152822.0"
    },
    {
      "008": "041026t20042003nyua\\\\\\\\\\b\\\\\\\\001\\0\\eng\\\\"
    },
    {
      "010": {
        "ind1": "\\",
        "ind2": "\\",
        "subfields": [
          {
            "a": "   20044986 "
          }
        ]
      }
    },
    {
      "040": {
        "ind1": "\\",
        "ind2": "\\",
        "subfields": [
          {
            "a": "WRS"
          },
          {
            "b": "eng"
          },
          {
            "c": "WRS"
          },
          {
            "d": "OCLCQ"
          },
          {
            "d": "BAKER"
          },
          {
            "d": "YDXCP"
          },
          {
            "d": "BTCTA"
          },
          {
            "d": "OCLCG"
          },
          {
            "d": "AU@"
          },
          {
            "d": "VLB"
          },
          {
            "d": "OCLCF"
          },
          {
            "d": "ITD"
          },
          {
            "d": "TLE"
          },
          {
            "d": "OCLCO"
          },
          {
            "d": "OCLCQ"
          },
          {
            "d": "UKV3G"
          },
          {
            "d": "OCL"
          },
          {
            "d": "OCLCA"
          },
          {
            "d": "OCL"
          },
          {
            "d": "BCD"
          },
          {
            "d": "OCL"
          },
          {
            "d": "OCLCA"
          },
          {
            "d": "OCLCO"
          }
        ]
      }
    },
    {
      "019": {
        "ind1": "\\",
        "ind2": "\\",
        "subfields": [
          {
            "a": "59322108"
          },
          {
            "a": "1011614642"
          },
          {
            "a": "1089160037"
          },
          {
            "a": "1102226867"
          },
          {
            "a": "1201231939"
          }
        ]
      }
    },
    {
      "020": {
        "ind1": "\\",
        "ind2": "\\",
        "subfields": [
          {
            "a": "0060558709"
          }
        ]
      }
    },
    {
      "020": {
        "ind1": "\\",
        "ind2": "\\",
        "subfields": [
          {
            "a": "9780060558703"
          }
        ]
      }
    },
    {
      "020": {
        "ind1": "\\",
        "ind2": "\\",
        "subfields": [
          {
            "a": "0060198400"
          }
        ]
      }
    },
    {
      "020": {
        "ind1": "\\",
        "ind2": "\\",
        "subfields": [
          {
            "a": "9780060198404"
          }
        ]
      }
    },
    {
      "035": {
        "ind1": "\\",
        "ind2": "\\",
        "subfields": [
          {
            "a": "(OCoLC)56822108"
          },
          {
            "z": "(OCoLC)59322108"
          },
          {
            "z": "(OCoLC)1011614642"
          },
          {
            "z": "(OCoLC)1089160037"
          },
          {
            "z": "(OCoLC)1102226867"
          },
          {
            "z": "(OCoLC)1201231939"
          }
        ]
      }
    },
    {
      "043": {
        "ind1": "\\",
        "ind2": "\\",
        "subfields": [
          {
            "a": "a-tu---"
          },
          {
            "a": "a-ai---"
          },
          {
            "a": "n-us---"
          }
        ]
      }
    },
    {
      "050": {
        "ind1": "\\",
        "ind2": "4",
        "subfields": [
          {
            "a": "DS195.5"
          },
          {
            "b": ".B35 2004"
          }
        ]
      }
    },
    {
      "082": {
        "ind1": "0",
        "ind2": "4",
        "subfields": [
          {
            "a": "956.62015"
          },
          {
            "b": "BAL"
          }
        ]
      }
    },
    {
      "100": {
        "ind1": "1",
        "ind2": "\\",
        "subfields": [
          {
            "a": "Balakian, Peter,"
          },
          {
            "d": "1951-"
          }
        ]
      }
    },
    {
      "245": {
        "ind1": "1",
        "ind2": "4",
        "subfields": [
          {
            "a": "The burning Tigris :"
          },
          {
            "b": "the Armenian genocide and America's response /"
          },
          {
            "c": "Peter Balakian."
          }
        ]
      }
    },
    {
      "250": {
        "ind1": "\\",
        "ind2": "\\",
        "subfields": [
          {
            "a": "1st ed."
          }
        ]
      }
    },
    {
      "260": {
        "ind1": "\\",
        "ind2": "\\",
        "subfields": [
          {
            "a": "New York :"
          },
          {
            "b": "HarperCollins,"
          },
          {
            "c": "2004, \u00a92003."
          }
        ]
      }
    },
    {
      "300": {
        "ind1": "\\",
        "ind2": "\\",
        "subfields": [
          {
            "a": "xxiv, 483 pages :"
          },
          {
            "b": "illustrations ;"
          },
          {
            "c": "21 cm"
          }
        ]
      }
    },
    {
      "336": {
        "ind1": "\\",
        "ind2": "\\",
        "subfields": [
          {
            "a": "text"
          },
          {
            "b": "txt"
          },
          {
            "2": "rdacontent"
          }
        ]
      }
    },
    {
      "337": {
        "ind1": "\\",
        "ind2": "\\",
        "subfields": [
          {
            "a": "unmediated"
          },
          {
            "b": "n"
          },
          {
            "2": "rdamedia"
          }
        ]
      }
    },
    {
      "338": {
        "ind1": "\\",
        "ind2": "\\",
        "subfields": [
          {
            "a": "volume"
          },
          {
            "b": "nc"
          },
          {
            "2": "rdacarrier"
          }
        ]
      }
    },
    {
      "504": {
        "ind1": "\\",
        "ind2": "\\",
        "subfields": [
          {
            "a": "Includes bibliographical references (pages 449-465) and index."
          }
        ]
      }
    },
    {
      "505": {
        "ind1": "0",
        "ind2": "\\",
        "subfields": [
          {
            "a": "Gathering at Faneuil Hall -- \"There in the woods\" -- Yankees in Armenia -- Sultan and the Armenian question -- Killing fields: Massacres of the 1890s -- Humanity on trial: Clara Barton and America's mission to Armenia -- Walking skeletons -- \"The tears of Araxes\": Voice of the Womans's journal -- Ottoman bank incident and the aftermath of the Hamidian massacres -- \"Our boasted civilization\": Intellectuals, popular culture, and the Armenian massacres of the 1890s -- Rise of the young Turks -- Adana, 1909: Counterrevolution and massacre -- Balkan wars and World War I: Road to genocide -- Government-planned genocide -- Van, spring 1915 -- April 24 -- Ambassador at the crossroads -- News from the American consul in Harput -- Land of dead -- From Jesse Jackson in Aleppo -- \"Same fate\": Reports from all over Turkey -- America's golden rule: Working for Armenia again -- Wilson's quandary -- Rise of a new Turkish nationalism and the campaign against Armenia -- Turkish confessions: Ottoman courts-martial, Constantinople, 1919-1920 -- American mandate for Armenia -- New U.S. oil policy in the Middle East and the turnabout on the Armenian question -- Epilogue : Turkish denial of the Armenian genocide and U.S. complicity."
          }
        ]
      }
    },
    {
      "520": {
        "ind1": "\\",
        "ind2": "\\",
        "subfields": [
          {
            "a": "In this groundbreaking history of the Armenian Genocide, the critically acclaimed author of the memoir Black Dog of Fate brings us a riveting narrative of the massacres of the Armenians in the 1890s and genocide in 1915 at the hands of the Ottoman Turks. Using rarely seen archival documents and remarkable first-person accounts, Peter Balakian presents the chilling history of how the Young Turk government implemented the first modern genocide behind the cover of World War I. And in the telling, he also resurrects an extraordinary lost chapter of American history. During the United States' ascension in the global arena at the turn of the twentieth century, America's humanitarian movement for Armenia was an important part of the rising nation's first epoch of internationalism. Intellectuals, politicians, diplomats, religious leaders, and ordinary citizens came together to try to save the Armenians. The Burning Tigris reconstructs this landmark American cause that was spearheaded by the passionate commitments and commentaries of a remarkable cast of public figures, including Julia Ward Howe, Clara Barton, Theodore Roosevelt, Woodrow Wilson, Ambassador Henry Morgenthau, Charlotte Perkins Gilman, Alice Stone Blackwell, Stephen Crane, and Ezra Pound, as well as courageous missionaries, diplomats, and relief workers who recorded their eyewitness accounts and often risked their lives in the killing fields of Armenia. The crisis of the \"starving Armenians\" was so embedded in American popular culture that, in an age when a loaf of bread cost a nickel, the American people sent more than {dollar}100 million in aid through the American Committee on Armenian Atrocities and its successor, Near East Relief."
          }
        ]
      }
    },
    {
      "650": {
        "ind1": "\\",
        "ind2": "0",
        "subfields": [
          {
            "a": "Armenian Genocide, 1915-1923."
          }
        ]
      }
    },
    {
      "650": {
        "ind1": "\\",
        "ind2": "0",
        "subfields": [
          {
            "a": "Armenian Genocide, 1915-1923"
          },
          {
            "x": "Foreign public opinion, American."
          }
        ]
      }
    },
    {
      "650": {
        "ind1": "\\",
        "ind2": "0",
        "subfields": [
          {
            "a": "Genocide"
          },
          {
            "z": "Turkey."
          }
        ]
      }
    },
    {
      "650": {
        "ind1": "\\",
        "ind2": "0",
        "subfields": [
          {
            "a": "Human rights."
          }
        ]
      }
    },
    {
      "650": {
        "ind1": "\\",
        "ind2": "7",
        "subfields": [
          {
            "a": "Genocide."
          },
          {
            "2": "fast"
          },
          {
            "0": "(OCoLC)fst00940208"
          }
        ]
      }
    },
    {
      "650": {
        "ind1": "\\",
        "ind2": "7",
        "subfields": [
          {
            "a": "Human rights."
          },
          {
            "2": "fast"
          },
          {
            "0": "(OCoLC)fst00963285"
          }
        ]
      }
    },
    {
      "650": {
        "ind1": "\\",
        "ind2": "7",
        "subfields": [
          {
            "a": "Public opinion, American."
          },
          {
            "2": "fast"
          },
          {
            "0": "(OCoLC)fst01354087"
          }
        ]
      }
    },
    {
      "651": {
        "ind1": "\\",
        "ind2": "7",
        "subfields": [
          {
            "a": "Turkey."
          },
          {
            "2": "fast"
          },
          {
            "0": "(OCoLC)fst01208963"
          }
        ]
      }
    },
    {
      "647": {
        "ind1": "\\",
        "ind2": "7",
        "subfields": [
          {
            "a": "Armenian Genocide"
          },
          {
            "d": "(1915-1923)"
          },
          {
            "2": "fast"
          },
          {
            "0": "(OCoLC)fst00814739"
          }
        ]
      }
    },
    {
      "648": {
        "ind1": "\\",
        "ind2": "7",
        "subfields": [
          {
            "a": "1915-1923"
          },
          {
            "2": "fast"
          }
        ]
      }
    },
    {
      "994": {
        "ind1": "\\",
        "ind2": "\\",
        "subfields": [
          {
            "a": "Z0"
          },
          {
            "b": "NYRVC"
          }
        ]
      }
    },
    {
      "948": {
        "ind1": "\\",
        "ind2": "\\",
        "subfields": [
          {
            "h": "NO HOLDINGS IN NYRVC - 152 OTHER HOLDINGS"
          }
        ]
      }
    },
    {
      "999": {
        "ind1": "\\",
        "ind2": "\\",
        "subfields": [
          {
            "a": "00000000018052"
          }
        ]
      }
    }
  ]
}